% Bibliografía
%---------------------------FERNANDO---------------------------
@Misc{cisco01:_cisco_vpn_client01,
  author =	 {\textsuperscript{\textregistered} Cisco Systems Inc.},
  title =	 {Cisco \textsuperscript{\textregistered} VPN Client - Obsolete Status Notification},
  month =	 may,
  year =	 {2017},
  note =	{\\ http://www.cisco.com/c/en/us/support/web/obsolete/security-vpn-client.html}
}

@Misc{cisco02:_cisco_vpn_client02,
  author =	 {\textsuperscript{\textregistered} Cisco Systems Inc.},
  title =	 {Release Notes for Cisco \textsuperscript{\textregistered} VPN Client, Release 5.0.07},
  month =	 dec,
  year =	 {2011},
  note =	{\\ http://www.cisco.com/en/US/docs/security/vpn\_client/cisco\_vpn\_client/vpn\_client5007/
release/notes/vpnclient5007.html\#wp84047}
}

@book{deal2005complete,
  title={The complete Cisco VPN configuration guide},
  author={Deal, Richard},
  year={2005},
  publisher={Cisco Press}
}

@Misc{Ashdown_oracle,
    author = {Lance Ashdown and Tom Kyte and Jonathan Creighton and Bjørn Engsig and Steve Fogel and Bill Habeck and Min-hank Ho and Bill Hodak and Yong Hu and Pat Huey and Valarie Moore Gopal Mulagund and Badhri Varanasi and Simon Watt and Steve Wertheimer and Daniel Wong},
    title = {Oracle \textsuperscript{\textregistered} Database Concepts 11g Release 2 (11.2)},
    year = {}
}

@Misc{oracle02,
  author =	 {Oracle ®},
  title =	 {Oracle ® Database 11g: Información General sobre las Nuevas Características},
  year =	 {2007},
  note =	 {\\ http://www.oracle.com/technetwork/es/documentation/317497-esa.pdf}
}

@article{alexandruaccess,
  title={ACCESS TO AN ORACLE DATABASE USING JDBC},
  author={Alexandru, ANTAL Tiberiu}
}

@book{microsoft_odbc,
  title =	 {Microsoft ODBC 3.0 Programmer's Reference and SDK Guide, Volume 1},
  author =	 {Microsoft Corporation},
  month =	 {feb},
  year =	 {1997}
}

@Misc{odbc,
  author =	 {Easysoft},
  title =	 {Linux/UNIX ODBC},
  note =	{\\ http://www.easysoft.com/developer/interfaces/odbc/linux.html\#odbc\_versions}
}

@Book{python01,
  author = 	 {Jim Knowlton},
  title = 	 {Python},
  note =	 {tr: María Jesús Fernández Vélez},
  publisher = 	 {Anaya Multimedia-Anaya Interactiva},
  year = 	 {2009}
}

@Book{python02,
  author = 	 {Alex Martelli},
  title = 	 {Python. Guía de referencia},
  note =	 {tr: Bruno Gorjón Salvador},
  publisher = 	 {Anaya Multimedia-Anaya Interactiva},
  year = 	 {2007},
}

@Misc{python03,
  author =	 {Python Software Foundation},
  note =	 {\\ https://www.python.org/about/}
}

@book{kernighan1984unix,
  title={The Unix programming environment},
  author={Kernighan, Brian W and Pike, Rob},
  volume={270},
  year={1984},
  publisher={Prentice-Hall Englewood Cliffs, NJ}
}

@Misc{dwh1,
	month =	 may,
	year =	 {2017},
	note = {\\ http://data-warehouses.net/},
}

@Misc{dwh2,
	month =	 may,
	year =	 {2017},
	note = {\\ https://learndatamodeling.com/blog/data-warehouse-and-data-mart/},
}

@Misc{dwh3,
	month =	 may,
	year =	 {2017},
	note = {\\ https://www.quora.com/Whats-the-difference-between-ETL-Data-Warehouse-Data-Warehousing},
}

@Misc{dwh4,
	month =	 may,
	year =	 {2017},
	note = {\\ https://soaagenda.com/2012/06/08/business-intelligence-relacion-datawarehouse-datamart-cubos-olap-y-etl/},
}

@Misc{dwh5,
	month =	 may,
	year =	 {2017},
	note = {\\ http://www.sinnexus.com/business\_intelligence/datamart.aspx},
}

@Misc{dwh6,
	month =	 may,
	year =	 {2017},
	note = {\\ http://www.buyto.es/general-business-intelligence/almacenamiento-de-datos-datawarehouse-datamart-en-business-intelligence},
}

@Misc{dwh7,
	month =	 may,
	year =	 {2017},
	note = {\\ http://searchsqlserver.techtarget.com/definition/data-mart},
}

@Misc{dwh8,
	month =	 may,
	year =	 {2017},
	note = {\\ http://www.datamartist.com/data-warehouse-vs-data-mart},
}

@Misc{filezilla1,
	month =	 may,
	year =	 {2017},
	note = {\\ https://filezilla-project.org/index.php},
}

@Misc{filezilla2,
	month =	 may,
	year =	 {2017},
	note = {\\ https://filezilla-project.org/faq.php},
}

@Misc{putty1,
	month =	 may,
	year =	 {2017},
	note = {\\ http://www.putty.org/},
}

@Misc{putty2,
	month =	 may,
	year =	 {2017},
	note = {\\ https://www.chiark.greenend.org.uk/~sgtatham/putty/changes.html},
}

@Misc{putty3,
	month =	 may,
	year =	 {2017},
	note = {\\ https://lists.tartarus.org/pipermail/putty-announce/2007/000015.html},
}

@Misc{toad1,
	month =	 may,
	year =	 {2017},
	note = {\\ http://www.toadworld.com/products/toad-for-oracle},
}

@Misc{BI_tendencies1,
	month =	 jun,
	year =	 {2017},
	note = {\\ https://bi-survey.com/top-business-intelligence-trends-2017},
}

@Misc{BI_tendencies2,
	month =	 jun,
	year =	 {2017},
	note = {\\ http://www.pcmag.com/article2/0,2817,2496370,00.asp},
}

@Misc{BI_tendencies3,
	month =	 jun,
	year =	 {2017},
	note = {\\ https://www.tableau.com/es-es/resource/top-10-bi-trends-2017},
}

@Misc{BI_tendencies4,
	month =	 jun,
	year =	 {2017},
	note = {\\ http://www.dataprix.com/en/bi-usability-evolution-and-tendencies},
}